
%
%  $Description: Sample bibliography$ 
% 
%  $Author: ienne $ 
%  $Date: 1995/09/15 15:19:53 $
%  $Revision: 1.3 $
%


@Book{ex2,
   author =   "Expert, Andreas Nikolaos", 
   title =   "A Book He Wrote", 
   publisher =   "His Publisher",
   address = "Erewhon, NC",
   year =   "1999"
}

@misc{neetcode,
      author = {Navdeep Singh},
      title = {NeetCode},
      url = {https://neetcode.io/roadmap}
}

@misc{Lacy_2024,
      title={GPT-4o and Gemini 1.5 Pro: How the New AI Models Compare}, 
      url={https://www.cnet.com/tech/services-and-software/gpt-4o-and-gemini-1-5-pro-how-the-new-ai-models-compare/}, 
      journal={CNET}, 
      author={Lacy, Lisa}, 
      year={2024}, 
      month={Jul}
} 

@misc{AIatMeta_2024, 
      title={Introducing Meta Llama 3: The most capable openly available LLM to date},
      url={https://ai.meta.com/blog/meta-llama-3/}, 
      journal={AI at Meta}, 
      year={2024}, 
      month={Apr}
}